@book{kozlov2008,
  title={Combinatorial Algebraic Topology},
  author={Kozlov, D.},
  isbn={9783540719618},
  lccn={2007933072},
  series={Algorithms and Computation in Mathematics},
  url={http://books.google.com.mx/books?id=f3OGV4BR-6QC},
  year={2008},
  publisher={Springer}
}
@book{munkres1984,
  title={Elements of Algebraic Topology},
  author={Munkres, J.R.},
  isbn={9780201627282},
  lccn={84006250},
  series={Advanced book classics},
  url={http://books.google.com.mx/books?id=Qw6m\_xGryPoC},
  year={1984},
  publisher={Perseus Books}
}
@book{herlihy2013,
  title={Distributed Computing Through Combinatorial Topology},
  author={Herlihy, M. and Kozlov, D. and Rajsbaum, S.},
  isbn={9780124047280},
  url={http://books.google.com.mx/books?id=QbKKAAAAQBAJ},
  year={2013},
  publisher={Elsevier Science}
}