@book{Okasaki1999,
  author    = {Chris Okasaki},
  title     = {Purely functional data structures},
  publisher = {Cambridge University Press},
  year      = {1999},
  isbn      = {978-0-521-66350-2},
  pages     = {I-X, 1-220},
  bibsource = {DBLP, http://dblp.uni-trier.de}
}

@book{Fabozzi2007,
  title={Introduction to Structured Finance},
  author={Frank J. Fabozzi, CFA and Henry A. Davis and Moorad Choudhry},
  isbn={9780470107805},
  series={Frank J. Fabozzi Series},
  url={http://books.google.com.mx/books?id=X\_Sr6Hc-ExEC},
  year={2007},
  publisher={Wiley}
}

@book{fabozzi2006,
  title={The Handbook of Mortgage-Backed Securities},
  author={Fabozzi, F.J.},
  isbn={9780071460743},
  lccn={2005017828},
  url={http://books.google.com.mx/books?id=bmaW8\_9IEzcC},
  year={2006},
  publisher={McGraw-Hill Education}
}

@book{fabozzi2010,
  title={Mortgage-Backed Securities: Products, Structuring, and Analytical Techniques},
  author={Fabozzi, F.J. and Bhattacharya, A.K. and Berliner, W.S.},
  isbn={9781118044711},
  series={Frank J. Fabozzi Series},
  year={2010},
  publisher={Wiley}
}

@book{Raynal2013,
  author    = {Michel Raynal},
  title     = {Distributed Algorithms for Message-Passing Systems},
  publisher = {Springer},
  year      = {2013},
  isbn      = {978-3-642-38122-5},
  pages     = {I-XXX, 1-500},
  ee        = {http://dx.doi.org/10.1007/978-3-642-38123-2},
  bibsource = {DBLP, http://dblp.uni-trier.de}
}

@book{chlipala2014,
  title={Certified Programming with Dependent Types: A Pragmatic Introduction to the Coq Proof Assistant},
  author={Chlipala, A.},
  isbn={9780262026659},
  lccn={2013012837},
  year={2014}
}

@misc{Tassey2002,
  author = {Tassey, G.},
  institution = {{National Institute of Standards and Technology}},
  interhash = {61c647b979d14469ea36126be99f8028},
  intrahash = {8a92e32577dcb1f2708367efb2fe406c},
  timestamp = {2013-10-18T15:42:35.000+0200},
  title = {The economic impacts of inadequate infrastructure for software testing},
  year = 2002
}

@article{Dijkstra1972,
 author = {Dijkstra, Edsger W.},
 title = {The Humble Programmer},
 journal = {Commun. ACM},
 issue_date = {Oct. 1972},
 volume = {15},
 number = {10},
 month = oct,
 year = {1972},
 issn = {0001-0782},
 pages = {859--866},
 numpages = {8},
 url = {http://doi.acm.org/10.1145/355604.361591},
 doi = {10.1145/355604.361591},
 acmid = {361591},
 publisher = {ACM},
 address = {New York, NY, USA},
} 


@book{Brooks1995,
  author = {Brooks, Frederick P.},
  isbn = {0201835959},
  keywords = {intelligent-systems programming},
  month = {August},
  priority = {2},
  publisher = {Addison-Wesley Professional},
  timestamp = {2008-04-13T22:59:41.000+0200},
  title = {The Mythical Man-Month: Essays on Software Engineering, 20th Anniversary Edition},
  year = 1995
}

@book{smith2009,
  title={Rationality in Economics: Constructivist and Ecological Forms},
  author={Smith, V.L.},
  isbn={9781139466462},
  year = 2009,
  publisher={Cambridge University Press}
}

@misc{bworld,
  author = {Virtu Financial, Inc.},
  title = {{IPO prospectus}},
  howpublished = "\url{https://www.sec.gov/Archives/edgar/data/1592386/000104746914002070/a2218589zs-1.htm}",
  year = {2014}
}

@misc{Yardeni2014,
  author = {Yardeni Research, Inc},
  title = {{S\&P 500 Sectors and Industries Profit Margins}},
  howpublished = "\url{http://www.yardeni.com/pub/sp500margin.pdf}",
  year = {2014}
}

@article{Fischer03,
  author = {Fischer, Michael J. and Merritt, Michael},
  journal = {Distributed Computing},
  number = {2-3},
  pages = {239-247},
  title = {Appraising two decades of distributed computing theory research.},
  volume = {16},
  year = {2003}
}
