@MISC{Huang_onthe,
    author = {Jonathan Huang},
    title = {ON THE SPERNER LEMMA AND ITS APPLICATIONS},
    year = {},
    note = {Available at \url{http://www.stanford.edu/~jhuang11/research/old/sperner.pdf}, version 1.0.0}
}